@book{wasserman2013all,
  title={All of Statistics: A concise course in statistical inference},
  author={Wasserman, Larry},
  year={2013},
  publisher={Springer Science \& Business Media}
}
@article{ONeill02102014,
author = {B. Oâ€™Neill},
title = {Some Useful Moment Results in Sampling Problems},
journal = {The American Statistician},
volume = {68},
number = {4},
pages = {282--296},
year = {2014},
publisher = {ASA Website},
doi = {10.1080/00031305.2014.966589},
URL = {https://doi.org/10.1080/00031305.2014.966589},
eprint = { https://doi.org/10.1080/00031305.2014.966589 } 
}
@article{ClopperPearson1934,
    author = {CLOPPER, C. J. and PEARSON, E. S.},
    title = {THE USE OF CONFIDENCE OR FIDUCIAL LIMITS ILLUSTRATED IN THE CASE OF THE BINOMIAL},
    journal = {Biometrika},
    volume = {26},
    number = {4},
    pages = {404-413},
    year = {1934},
    month = {12},
    issn = {0006-3444},
    doi = {10.1093/biomet/26.4.404},
    url = {https://doi.org/10.1093/biomet/26.4.404},
    eprint = {https://academic.oup.com/biomet/article-pdf/26/4/404/823407/26-4-404.pdf}
}

