@article{petersen2012matrix,
  title={The Matrix Cookbook},
  author={Petersen, Kaare Brandt and Pedersen, Michael Syskind},
  journal={URL http://www2.imm.dtu.dk/pubdb/p.php},
  volume={3274},
  year={2012}
}

